<?xml version="1.0" encoding="UTF-8"?><collection xmlns="http://www.loc.gov/MARC21/slim"><record><leader>00355nam--2200133-i-4500</leader><controlfield tag="001">000030204</controlfield><controlfield tag="002">20161230</controlfield><controlfield tag="005">20161230201038</controlfield><controlfield tag="008">060222s1000------------r-----000-0-eng-d</controlfield><datafield ind1=" " ind2=" " tag="080"><subfield code="a">535.37(061.3)</subfield></datafield><datafield ind1=" " ind2=" " tag="245"><subfield code="a">Luminescence of crystals, molecules and solutions</subfield></datafield><datafield ind1=" " ind2=" " tag="260"><subfield code="a">New York, Plenum Press, 1973, Xix + 723p</subfield></datafield><datafield ind1=" " ind2=" " tag="700"><subfield code="a">Williams, Ferd</subfield></datafield><datafield ind1=" " ind2=" " tag="852"><subfield code="a">77335</subfield></datafield></record></collection>